@article{campinas:dexa:2012,
author = {Stephane Campinas and Thomas E. Perry and Diego Ceccarelli and Renaud Delbru and Giovanni Tummarello},
title = {{Introducing RDF Graph Summary With Application to Assisted SPARQL Formulation}},
year = {2012},
journal = {WebS, DEXA workshop},
}
